@misc{tma4220,
  title = "{TMA}4220 {P}rogramming project - part 1",
  howpublished = "\url{https://www.math.ntnu.no/emner/TMA4220/2016h/project/Problem_set.pdf}"
}

@misc{comsol,
  title = "{T}he {F}inite {E}lement {M}ethod ({FEM})",
  howpublished = "\url{https://www.comsol.com/multiphysics/finite-element-method}"
}

@book{salsa,
  Author = {Author},
  Title = {Title},
  Publisher = {Publisher},
  Year = {2016},
  ISBN = {3319150928},
  URL = {http://www.amazon.com/Partial-Differential-Equations-Action-Modelling/dp/3319150928%3FSubscriptionId%3D0JYN1NVW651KCA56C102%26tag%3Dtechkie-20%26linkCode%3Dxm2%26camp%3D2025%26creative%3D165953%26creativeASIN%3D3319150928}
}

@book{quarteroni,
  Author = {Alfio Quarteroni},
  Title = {Numerical Models for Differential Problems (MS\&A)},
  Publisher = {Springer},
  Year = {2014},
  ISBN = {9788847055216},
  URL = {https://www.amazon.com/Numerical-Models-Differential-Problems-MS-ebook/dp/B00Q6IISMC%3FSubscriptionId%3D0JYN1NVW651KCA56C102%26tag%3Dtechkie-20%26linkCode%3Dxm2%26camp%3D2025%26creative%3D165953%26creativeASIN%3DB00Q6IISMC}
}

@misc{wiki_hs,
title = {Heat sink},
howpublished = {\url{https://en.wikipedia.org/wiki/Heat_sink}},
note = {Accessed: 2016-08-11}
}
  
}